@misc{team15,
    author       = "Durajka F., Elias J., Perdoch J., Rendek L., Vallo M.",
    title        = "System na evidenciu a prezentaciu absolventov",
    year         = "2006",
}

@misc{team14,
    author       = "Cich P., Garaj J., Fabik P., Hergott J., Hopko J.",
    title        = "Informacny system
pre komunikaciu s absolventmi",
    year         = "2007",
}


%% other

@misc{cakephp,
    title       = "CakePHP Homepage",
    howpublished = {\url{http://www.cakephp.org}}
}


